<?xml version="1.0" encoding="UTF-8" standalone="yes"?><bib><mms_id>99551580502042</mms_id><record_format>marc21</record_format><linked_record_id/><title>Integrated characterization of the Woodford Shale in the southern Cherokee Platform, Oklahoma /</title><author>Cardona-Valencia, Luis Felipe,</author><network_numbers><network_number>(OCoLC)ocn914281793</network_number><network_number>(OCoLC)914281793</network_number></network_numbers><place_of_publication>[Norman, Oklahoma] :</place_of_publication><date_of_publication>2014.</date_of_publication><publisher_const>University of Oklahoma,</publisher_const><holdings link="https://api-na.hosted.exlibrisgroup.com/almaws/v1/bibs/99551580502042/holdings"/><created_by>star9473</created_by><created_date>2015-01-30Z</created_date><last_modified_by>System</last_modified_by><last_modified_date>2021-08-26Z</last_modified_date><suppress_from_publishing>false</suppress_from_publishing><suppress_from_external_search>false</suppress_from_external_search><suppress_from_metadoor>false</suppress_from_metadoor><rank>64</rank><sync_with_oclc>NONE</sync_with_oclc><sync_with_libraries_australia>NONE</sync_with_libraries_australia><originating_system>WorldCat - NORMAN</originating_system><originating_system_id>99551580502042</originating_system_id><brief_level desc="01">01</brief_level><record><leader>01185ntm  2200313 i 4500</leader><controlfield tag="001">99551580502042</controlfield><controlfield tag="005">20210826092159.0</controlfield><controlfield tag="008">150722s2014    okuab    b    000 0 eng d</controlfield><datafield ind1=" " ind2=" " tag="035"><subfield code="a">(OCoLC)914281793</subfield></datafield><datafield ind1=" " ind2=" " tag="035"><subfield code="a">(OCoLC)ocn914281793</subfield></datafield><datafield ind1=" " ind2=" " tag="040"><subfield code="a">OKU</subfield><subfield code="b">eng</subfield><subfield code="e">rda</subfield><subfield code="c">OKU</subfield></datafield><datafield ind1=" " ind2=" " tag="099"><subfield code="a">OU</subfield><subfield code="a">THESIS</subfield><subfield code="a">CAR</subfield></datafield><datafield ind1="1" ind2=" " tag="100"><subfield code="a">Cardona-Valencia, Luis Felipe,</subfield><subfield code="d">1977-</subfield></datafield><datafield ind1="1" ind2="0" tag="245"><subfield code="a">Integrated characterization of the Woodford Shale in the southern Cherokee Platform, Oklahoma /</subfield><subfield code="c">by Luis Felipe Cardona-Valencia.</subfield></datafield><datafield ind1=" " ind2="0" tag="264"><subfield code="a">[Norman, Oklahoma] :</subfield><subfield code="b">University of Oklahoma,</subfield><subfield code="c">2014.</subfield></datafield><datafield ind1=" " ind2=" " tag="300"><subfield code="a">xvi, 98 leaves :</subfield><subfield code="b">illustrations (chiefly color), color maps ;</subfield><subfield code="c">28 cm</subfield></datafield><datafield ind1=" " ind2=" " tag="336"><subfield code="a">text</subfield><subfield code="b">txt</subfield><subfield code="2">rdacontent</subfield></datafield><datafield ind1=" " ind2=" " tag="337"><subfield code="a">unmediated</subfield><subfield code="b">n</subfield><subfield code="2">rdamedia</subfield></datafield><datafield ind1=" " ind2=" " tag="338"><subfield code="a">volume</subfield><subfield code="b">nc</subfield><subfield code="2">rdacarrier</subfield></datafield><datafield ind1=" " ind2=" " tag="502"><subfield code="b">M.S.</subfield><subfield code="c">University of Oklahoma</subfield><subfield code="d">2014</subfield></datafield><datafield ind1=" " ind2=" " tag="504"><subfield code="a">Includes bibliographical references (leaves 91-96).</subfield></datafield><datafield ind1=" " ind2=" " tag="590"><subfield code="a">Main, cop. 1-2.</subfield></datafield><datafield ind1=" " ind2=" " tag="590"><subfield code="a">Geology, cop. 3.</subfield></datafield><datafield ind1=" " ind2="4" tag="690"><subfield code="a">Conoco Phillips School of Geology and Geophysics.</subfield></datafield><datafield ind1=" " ind2="0" tag="651"><subfield code="a">Woodford Shale (Okla. and Texas)</subfield></datafield><datafield ind1=" " ind2="0" tag="650"><subfield code="a">Shale</subfield><subfield code="z">Oklahoma.</subfield></datafield><datafield ind1=" " ind2="0" tag="650"><subfield code="a">Oil-shales</subfield><subfield code="z">Oklahoma.</subfield></datafield><datafield ind1="4" ind2="0" tag="856"><subfield code="u">https://shareok.org/11244/325437</subfield></datafield><datafield ind1=" " ind2=" " tag="994"><subfield code="a">Z0</subfield><subfield code="b">OKU</subfield></datafield></record></bib>